
% Hildebrandt et al. 2018
@ARTICLE{2020A&A...633A..69H,
       author = {{Hildebrandt}, H. and {K{\"o}hlinger}, F. and {van den Busch}, J.~L. and {Joachimi}, B. and {Heymans}, C. and {Kannawadi}, A. and {Wright}, A.~H. and {Asgari}, M. and {Blake}, C. and {Hoekstra}, H. and {Joudaki}, S. and {Kuijken}, K. and {Miller}, L. and {Morrison}, C.~B. and {Tr{\"o}ster}, T. and {Amon}, A. and {Archidiacono}, M. and {Brieden}, S. and {Choi}, A. and {de Jong}, J.~T.~A. and {Erben}, T. and {Giblin}, B. and {Mead}, A. and {Peacock}, J.~A. and {Radovich}, M. and {Schneider}, P. and {Sif{\'o}n}, C. and {Tewes}, M.},
        title = "{KiDS+VIKING-450: Cosmic shear tomography with optical and infrared data}",
      journal = {\aap},
     keywords = {cosmology: observations, gravitational lensing: weak, galaxies: photometry, surveys, Astrophysics - Cosmology and Nongalactic Astrophysics},
         year = 2020,
        month = jan,
       volume = {633},
          eid = {A69},
        pages = {A69},
          doi = {10.1051/0004-6361/201834878},
archivePrefix = {arXiv},
       eprint = {1812.06076},
 primaryClass = {astro-ph.CO},
       adsurl = {https://ui.adsabs.harvard.edu/abs/2020A&A...633A..69H},
      adsnote = {Provided by the SAO/NASA Astrophysics Data System}
}

% Troxel et al. 2018
@ARTICLE{2018PhRvD..98d3528T,
       author = {{Troxel}, M.~A. and {MacCrann}, N. and {Zuntz}, J. and {Eifler}, T.~F. and {Krause}, E. and {Dodelson}, S. and {Gruen}, D. and {Blazek}, J. and {Friedrich}, O. and {Samuroff}, S. and {Prat}, J. and {Secco}, L.~F. and {Davis}, C. and {Fert{\'e}}, A. and {DeRose}, J. and {Alarcon}, A. and {Amara}, A. and {Baxter}, E. and {Becker}, M.~R. and {Bernstein}, G.~M. and {Bridle}, S.~L. and {Cawthon}, R. and {Chang}, C. and {Choi}, A. and {De Vicente}, J. and {Drlica-Wagner}, A. and {Elvin-Poole}, J. and {Frieman}, J. and {Gatti}, M. and {Hartley}, W.~G. and {Honscheid}, K. and {Hoyle}, B. and {Huff}, E.~M. and {Huterer}, D. and {Jain}, B. and {Jarvis}, M. and {Kacprzak}, T. and {Kirk}, D. and {Kokron}, N. and {Krawiec}, C. and {Lahav}, O. and {Liddle}, A.~R. and {Peacock}, J. and {Rau}, M.~M. and {Refregier}, A. and {Rollins}, R.~P. and {Rozo}, E. and {Rykoff}, E.~S. and {S{\'a}nchez}, C. and {Sevilla-Noarbe}, I. and {Sheldon}, E. and {Stebbins}, A. and {Varga}, T.~N. and {Vielzeuf}, P. and {Wang}, M. and {Wechsler}, R.~H. and {Yanny}, B. and {Abbott}, T.~M.~C. and {Abdalla}, F.~B. and {Allam}, S. and {Annis}, J. and {Bechtol}, K. and {Benoit-L{\'e}vy}, A. and {Bertin}, E. and {Brooks}, D. and {Buckley-Geer}, E. and {Burke}, D.~L. and {Carnero Rosell}, A. and {Carrasco Kind}, M. and {Carretero}, J. and {Castander}, F.~J. and {Crocce}, M. and {Cunha}, C.~E. and {D'Andrea}, C.~B. and {da Costa}, L.~N. and {DePoy}, D.~L. and {Desai}, S. and {Diehl}, H.~T. and {Dietrich}, J.~P. and {Doel}, P. and {Fernandez}, E. and {Flaugher}, B. and {Fosalba}, P. and {Garc{\'\i}a-Bellido}, J. and {Gaztanaga}, E. and {Gerdes}, D.~W. and {Giannantonio}, T. and {Goldstein}, D.~A. and {Gruendl}, R.~A. and {Gschwend}, J. and {Gutierrez}, G. and {James}, D.~J. and {Jeltema}, T. and {Johnson}, M.~W.~G. and {Johnson}, M.~D. and {Kent}, S. and {Kuehn}, K. and {Kuhlmann}, S. and {Kuropatkin}, N. and {Li}, T.~S. and {Lima}, M. and {Lin}, H. and {Maia}, M.~A.~G. and {March}, M. and {Marshall}, J.~L. and {Martini}, P. and {Melchior}, P. and {Menanteau}, F. and {Miquel}, R. and {Mohr}, J.~J. and {Neilsen}, E. and {Nichol}, R.~C. and {Nord}, B. and {Petravick}, D. and {Plazas}, A.~A. and {Romer}, A.~K. and {Roodman}, A. and {Sako}, M. and {Sanchez}, E. and {Scarpine}, V. and {Schindler}, R. and {Schubnell}, M. and {Smith}, M. and {Smith}, R.~C. and {Soares-Santos}, M. and {Sobreira}, F. and {Suchyta}, E. and {Swanson}, M.~E.~C. and {Tarle}, G. and {Thomas}, D. and {Tucker}, D.~L. and {Vikram}, V. and {Walker}, A.~R. and {Weller}, J. and {Zhang}, Y. and {DES Collaboration}},
        title = "{Dark Energy Survey Year 1 results: Cosmological constraints from cosmic shear}",
      journal = {\prd},
     keywords = {Astrophysics - Cosmology and Nongalactic Astrophysics},
         year = 2018,
        month = aug,
       volume = {98},
       number = {4},
          eid = {043528},
        pages = {043528},
          doi = {10.1103/PhysRevD.98.043528},
archivePrefix = {arXiv},
       eprint = {1708.01538},
 primaryClass = {astro-ph.CO},
       adsurl = {https://ui.adsabs.harvard.edu/abs/2018PhRvD..98d3528T},
      adsnote = {Provided by the SAO/NASA Astrophysics Data System}
}

% DES Collaboration et al. 2019
@ARTICLE{2019PhRvL.122q1301A,
       author = {{Abbott}, T.~M.~C. and {Alarcon}, A. and {Allam}, S. and {Andersen}, P. and {Andrade-Oliveira}, F. and {Annis}, J. and {Asorey}, J. and {Avila}, S. and {Bacon}, D. and {Banik}, N. and {Bassett}, B.~A. and {Baxter}, E. and {Bechtol}, K. and {Becker}, M.~R. and {Bernstein}, G.~M. and {Bertin}, E. and {Blazek}, J. and {Bridle}, S.~L. and {Brooks}, D. and {Brout}, D. and {Burke}, D.~L. and {Calcino}, J. and {Camacho}, H. and {Campos}, A. and {Carnero Rosell}, A. and {Carollo}, D. and {Carrasco Kind}, M. and {Carretero}, J. and {Castander}, F.~J. and {Cawthon}, R. and {Challis}, P. and {Chan}, K.~C. and {Chang}, C. and {Childress}, M. and {Crocce}, M. and {Cunha}, C.~E. and {D'Andrea}, C.~B. and {da Costa}, L.~N. and {Davis}, C. and {Davis}, T.~M. and {De Vicente}, J. and {DePoy}, D.~L. and {DeRose}, J. and {Desai}, S. and {Diehl}, H.~T. and {Dietrich}, J.~P. and {Dodelson}, S. and {Doel}, P. and {Drlica-Wagner}, A. and {Eifler}, T.~F. and {Elvin-Poole}, J. and {Estrada}, J. and {Evrard}, A.~E. and {Fernandez}, E. and {Flaugher}, B. and {Foley}, R.~J. and {Fosalba}, P. and {Frieman}, J. and {Galbany}, L. and {Garc{\'\i}a-Bellido}, J. and {Gatti}, M. and {Gaztanaga}, E. and {Gerdes}, D.~W. and {Giannantonio}, T. and {Glazebrook}, K. and {Goldstein}, D.~A. and {Gruen}, D. and {Gruendl}, R.~A. and {Gschwend}, J. and {Gutierrez}, G. and {Hartley}, W.~G. and {Hinton}, S.~R. and {Hollowood}, D.~L. and {Honscheid}, K. and {Hoormann}, J.~K. and {Hoyle}, B. and {Huterer}, D. and {Jain}, B. and {James}, D.~J. and {Jarvis}, M. and {Jeltema}, T. and {Kasai}, E. and {Kent}, S. and {Kessler}, R. and {Kim}, A.~G. and {Kokron}, N. and {Krause}, E. and {Kron}, R. and {Kuehn}, K. and {Kuropatkin}, N. and {Lahav}, O. and {Lasker}, J. and {Lemos}, P. and {Lewis}, G.~F. and {Li}, T.~S. and {Lidman}, C. and {Lima}, M. and {Lin}, H. and {Macaulay}, E. and {MacCrann}, N. and {Maia}, M.~A.~G. and {March}, M. and {Marriner}, J. and {Marshall}, J.~L. and {Martini}, P. and {McMahon}, R.~G. and {Melchior}, P. and {Menanteau}, F. and {Miquel}, R. and {Mohr}, J.~J. and {Morganson}, E. and {Muir}, J. and {M{\"o}ller}, A. and {Neilsen}, E. and {Nichol}, R.~C. and {Nord}, B. and {Ogando}, R.~L.~C. and {Palmese}, A. and {Pan}, Y. -C. and {Peiris}, H.~V. and {Percival}, W.~J. and {Plazas}, A.~A. and {Porredon}, A. and {Prat}, J. and {Romer}, A.~K. and {Roodman}, A. and {Rosenfeld}, R. and {Ross}, A.~J. and {Rykoff}, E.~S. and {Samuroff}, S. and {S{\'a}nchez}, C. and {Sanchez}, E. and {Scarpine}, V. and {Schindler}, R. and {Schubnell}, M. and {Scolnic}, D. and {Secco}, L.~F. and {Serrano}, S. and {Sevilla-Noarbe}, I. and {Sharp}, R. and {Sheldon}, E. and {Smith}, M. and {Soares-Santos}, M. and {Sobreira}, F. and {Sommer}, N.~E. and {Swann}, E. and {Swanson}, M.~E.~C. and {Tarle}, G. and {Thomas}, D. and {Thomas}, R.~C. and {Troxel}, M.~A. and {Tucker}, B.~E. and {Uddin}, S.~A. and {Vielzeuf}, P. and {Walker}, A.~R. and {Wang}, M. and {Weaverdyck}, N. and {Wechsler}, R.~H. and {Weller}, J. and {Yanny}, B. and {Zhang}, B. and {Zhang}, Y. and {Zuntz}, J. and {DES Collaboration}},
        title = "{Cosmological Constraints from Multiple Probes in the Dark Energy Survey}",
      journal = {\prl},
     keywords = {Astrophysics - Cosmology and Nongalactic Astrophysics},
         year = 2019,
        month = may,
       volume = {122},
       number = {17},
          eid = {171301},
        pages = {171301},
          doi = {10.1103/PhysRevLett.122.171301},
archivePrefix = {arXiv},
       eprint = {1811.02375},
 primaryClass = {astro-ph.CO},
       adsurl = {https://ui.adsabs.harvard.edu/abs/2019PhRvL.122q1301A},
      adsnote = {Provided by the SAO/NASA Astrophysics Data System}
}

% hikage et al. 2019
@ARTICLE{2019PASJ...71...43H,
       author = {{Hikage}, Chiaki and {Oguri}, Masamune and {Hamana}, Takashi and {More}, Surhud and {Mandelbaum}, Rachel and {Takada}, Masahiro and {K{\"o}hlinger}, Fabian and {Miyatake}, Hironao and {Nishizawa}, Atsushi J. and {Aihara}, Hiroaki and {Armstrong}, Robert and {Bosch}, James and {Coupon}, Jean and {Ducout}, Anne and {Ho}, Paul and {Hsieh}, Bau-Ching and {Komiyama}, Yutaka and {Lanusse}, Fran{\c{c}}ois and {Leauthaud}, Alexie and {Lupton}, Robert H. and {Medezinski}, Elinor and {Mineo}, Sogo and {Miyama}, Shoken and {Miyazaki}, Satoshi and {Murata}, Ryoma and {Murayama}, Hitoshi and {Shirasaki}, Masato and {Sif{\'o}n}, Crist{\'o}bal and {Simet}, Melanie and {Speagle}, Joshua and {Spergel}, David N. and {Strauss}, Michael A. and {Sugiyama}, Naoshi and {Tanaka}, Masayuki and {Utsumi}, Yousuke and {Wang}, Shiang-Yu and {Yamada}, Yoshihiko},
        title = "{Cosmology from cosmic shear power spectra with Subaru Hyper Suprime-Cam first-year data}",
      journal = {\pasj},
     keywords = {dark matter, gravitational lensing: weak, large-scale structure of universe, Astrophysics - Cosmology and Nongalactic Astrophysics},
         year = 2019,
        month = apr,
       volume = {71},
       number = {2},
          eid = {43},
        pages = {43},
          doi = {10.1093/pasj/psz010},
archivePrefix = {arXiv},
       eprint = {1809.09148},
 primaryClass = {astro-ph.CO},
       adsurl = {https://ui.adsabs.harvard.edu/abs/2019PASJ...71...43H},
      adsnote = {Provided by the SAO/NASA Astrophysics Data System}
}

% Asgari et al. 2020
@ARTICLE{2021A&A...645A.104A,
       author = {{Asgari}, Marika and {Lin}, Chieh-An and {Joachimi}, Benjamin and {Giblin}, Benjamin and {Heymans}, Catherine and {Hildebrandt}, Hendrik and {Kannawadi}, Arun and {St{\"o}lzner}, Benjamin and {Tr{\"o}ster}, Tilman and {van den Busch}, Jan Luca and {Wright}, Angus H. and {Bilicki}, Maciej and {Blake}, Chris and {de Jong}, Jelte and {Dvornik}, Andrej and {Erben}, Thomas and {Getman}, Fedor and {Hoekstra}, Henk and {K{\"o}hlinger}, Fabian and {Kuijken}, Konrad and {Miller}, Lance and {Radovich}, Mario and {Schneider}, Peter and {Shan}, HuanYuan and {Valentijn}, Edwin},
        title = "{KiDS-1000 cosmology: Cosmic shear constraints and comparison between two point statistics}",
      journal = {\aap},
     keywords = {gravitational lensing: weak, methods: observational, cosmology: observations, large-scale structure of Universe, cosmological parameters, Astrophysics - Cosmology and Nongalactic Astrophysics},
         year = 2021,
        month = jan,
       volume = {645},
          eid = {A104},
        pages = {A104},
          doi = {10.1051/0004-6361/202039070},
archivePrefix = {arXiv},
       eprint = {2007.15633},
 primaryClass = {astro-ph.CO},
       adsurl = {https://ui.adsabs.harvard.edu/abs/2021A&A...645A.104A},
      adsnote = {Provided by the SAO/NASA Astrophysics Data System}
}



% Riess et al. 1998
@ARTICLE{1998AJ....116.1009R,
       author = {{Riess}, Adam G. and {Filippenko}, Alexei V. and {Challis}, Peter and {Clocchiatti}, Alejandro and {Diercks}, Alan and {Garnavich}, Peter M. and {Gilliland}, Ron L. and {Hogan}, Craig J. and {Jha}, Saurabh and {Kirshner}, Robert P. and {Leibundgut}, B. and {Phillips}, M.~M. and {Reiss}, David and {Schmidt}, Brian P. and {Schommer}, Robert A. and {Smith}, R. Chris and {Spyromilio}, J. and {Stubbs}, Christopher and {Suntzeff}, Nicholas B. and {Tonry}, John},
        title = "{Observational Evidence from Supernovae for an Accelerating Universe and a Cosmological Constant}",
      journal = {\aj},
     keywords = {COSMOLOGY: OBSERVATIONS, STARS: SUPERNOVAE: GENERAL, Astrophysics},
         year = 1998,
        month = sep,
       volume = {116},
       number = {3},
        pages = {1009-1038},
          doi = {10.1086/300499},
archivePrefix = {arXiv},
       eprint = {astro-ph/9805201},
 primaryClass = {astro-ph},
       adsurl = {https://ui.adsabs.harvard.edu/abs/1998AJ....116.1009R},
      adsnote = {Provided by the SAO/NASA Astrophysics Data System}
}

% Perlmutter et al. 1999
@INPROCEEDINGS{1999AIPC..478..129P,
       author = {{Perlmutter}, Saul and {Riess}, Adam},
        title = "{Cosmological parameters from supernovae: Two groups' results agree}",
     keywords = {98.80.Es, 97.60.Bw, Observational cosmology, Supernovae},
    booktitle = {COSMO-98},
         year = 1999,
       editor = {{Caldwell}, David O.},
       series = {American Institute of Physics Conference Series},
       volume = {478},
        month = jul,
        pages = {129-142},
          doi = {10.1063/1.59382},
       adsurl = {https://ui.adsabs.harvard.edu/abs/1999AIPC..478..129P},
      adsnote = {Provided by the SAO/NASA Astrophysics Data System}
}

% Kilbinger 2015
@ARTICLE{2015RPPh...78h6901K,
       author = {{Kilbinger}, Martin},
        title = "{Cosmology with cosmic shear observations: a review}",
      journal = {Reports on Progress in Physics},
     keywords = {Astrophysics - Cosmology and Nongalactic Astrophysics},
         year = 2015,
        month = jul,
       volume = {78},
       number = {8},
          eid = {086901},
        pages = {086901},
          doi = {10.1088/0034-4885/78/8/086901},
archivePrefix = {arXiv},
       eprint = {1411.0115},
 primaryClass = {astro-ph.CO},
       adsurl = {https://ui.adsabs.harvard.edu/abs/2015RPPh...78h6901K},
      adsnote = {Provided by the SAO/NASA Astrophysics Data System}
}

% Dodelson 2017
@BOOK{2017grle.book.....D,
       author = {{Dodelson}, Scott},
        title = "{Gravitational Lensing}",
         year = 2017,
       adsurl = {https://ui.adsabs.harvard.edu/abs/2017grle.book.....D},
      adsnote = {Provided by the SAO/NASA Astrophysics Data System}
}

% Bartleman and Scheneider 2001
@ARTICLE{2001PhR...340..291B,
       author = {{Bartelmann}, M. and {Schneider}, P.},
        title = "{Weak gravitational lensing}",
      journal = {\physrep},
     keywords = {Astrophysics},
         year = 2001,
        month = jan,
       volume = {340},
       number = {4-5},
        pages = {291-472},
          doi = {10.1016/S0370-1573(00)00082-X},
archivePrefix = {arXiv},
       eprint = {astro-ph/9912508},
 primaryClass = {astro-ph},
       adsurl = {https://ui.adsabs.harvard.edu/abs/2001PhR...340..291B},
      adsnote = {Provided by the SAO/NASA Astrophysics Data System}
}

% Aihara et al. 2014
@ARTICLE{2018PASJ...70S...4A,
       author = {{Aihara}, Hiroaki and {Arimoto}, Nobuo and {Armstrong}, Robert and {Arnouts}, St{\'e}phane and {Bahcall}, Neta A. and {Bickerton}, Steven and {Bosch}, James and {Bundy}, Kevin and {Capak}, Peter L. and {Chan}, James H.~H. and {Chiba}, Masashi and {Coupon}, Jean and {Egami}, Eiichi and {Enoki}, Motohiro and {Finet}, Francois and {Fujimori}, Hiroki and {Fujimoto}, Seiji and {Furusawa}, Hisanori and {Furusawa}, Junko and {Goto}, Tomotsugu and {Goulding}, Andy and {Greco}, Johnny P. and {Greene}, Jenny E. and {Gunn}, James E. and {Hamana}, Takashi and {Harikane}, Yuichi and {Hashimoto}, Yasuhiro and {Hattori}, Takashi and {Hayashi}, Masao and {Hayashi}, Yusuke and {He{\l}miniak}, Krzysztof G. and {Higuchi}, Ryo and {Hikage}, Chiaki and {Ho}, Paul T.~P. and {Hsieh}, Bau-Ching and {Huang}, Kuiyun and {Huang}, Song and {Ikeda}, Hiroyuki and {Imanishi}, Masatoshi and {Inoue}, Akio K. and {Iwasawa}, Kazushi and {Iwata}, Ikuru and {Jaelani}, Anton T. and {Jian}, Hung-Yu and {Kamata}, Yukiko and {Karoji}, Hiroshi and {Kashikawa}, Nobunari and {Katayama}, Nobuhiko and {Kawanomoto}, Satoshi and {Kayo}, Issha and {Koda}, Jin and {Koike}, Michitaro and {Kojima}, Takashi and {Komiyama}, Yutaka and {Konno}, Akira and {Koshida}, Shintaro and {Koyama}, Yusei and {Kusakabe}, Haruka and {Leauthaud}, Alexie and {Lee}, Chien-Hsiu and {Lin}, Lihwai and {Lin}, Yen-Ting and {Lupton}, Robert H. and {Mandelbaum}, Rachel and {Matsuoka}, Yoshiki and {Medezinski}, Elinor and {Mineo}, Sogo and {Miyama}, Shoken and {Miyatake}, Hironao and {Miyazaki}, Satoshi and {Momose}, Rieko and {More}, Anupreeta and {More}, Surhud and {Moritani}, Yuki and {Moriya}, Takashi J. and {Morokuma}, Tomoki and {Mukae}, Shiro and {Murata}, Ryoma and {Murayama}, Hitoshi and {Nagao}, Tohru and {Nakata}, Fumiaki and {Niida}, Mana and {Niikura}, Hiroko and {Nishizawa}, Atsushi J. and {Obuchi}, Yoshiyuki and {Oguri}, Masamune and {Oishi}, Yukie and {Okabe}, Nobuhiro and {Okamoto}, Sakurako and {Okura}, Yuki and {Ono}, Yoshiaki and {Onodera}, Masato and {Onoue}, Masafusa and {Osato}, Ken and {Ouchi}, Masami and {Price}, Paul A. and {Pyo}, Tae-Soo and {Sako}, Masao and {Sawicki}, Marcin and {Shibuya}, Takatoshi and {Shimasaku}, Kazuhiro and {Shimono}, Atsushi and {Shirasaki}, Masato and {Silverman}, John D. and {Simet}, Melanie and {Speagle}, Joshua and {Spergel}, David N. and {Strauss}, Michael A. and {Sugahara}, Yuma and {Sugiyama}, Naoshi and {Suto}, Yasushi and {Suyu}, Sherry H. and {Suzuki}, Nao and {Tait}, Philip J. and {Takada}, Masahiro and {Takata}, Tadafumi and {Tamura}, Naoyuki and {Tanaka}, Manobu M. and {Tanaka}, Masaomi and {Tanaka}, Masayuki and {Tanaka}, Yoko and {Terai}, Tsuyoshi and {Terashima}, Yuichi and {Toba}, Yoshiki and {Tominaga}, Nozomu and {Toshikawa}, Jun and {Turner}, Edwin L. and {Uchida}, Tomohisa and {Uchiyama}, Hisakazu and {Umetsu}, Keiichi and {Uraguchi}, Fumihiro and {Urata}, Yuji and {Usuda}, Tomonori and {Utsumi}, Yousuke and {Wang}, Shiang-Yu and {Wang}, Wei-Hao and {Wong}, Kenneth C. and {Yabe}, Kiyoto and {Yamada}, Yoshihiko and {Yamanoi}, Hitomi and {Yasuda}, Naoki and {Yeh}, Sherry and {Yonehara}, Atsunori and {Yuma}, Suraphong},
        title = "{The Hyper Suprime-Cam SSP Survey: Overview and survey design}",
      journal = {\pasj},
     keywords = {cosmology: observations, galaxies: general, large-scale structure of universe, surveys, Astrophysics - Instrumentation and Methods for Astrophysics},
         year = 2018,
        month = jan,
       volume = {70},
          eid = {S4},
        pages = {S4},
          doi = {10.1093/pasj/psx066},
archivePrefix = {arXiv},
       eprint = {1704.05858},
 primaryClass = {astro-ph.IM},
       adsurl = {https://ui.adsabs.harvard.edu/abs/2018PASJ...70S...4A},
      adsnote = {Provided by the SAO/NASA Astrophysics Data System}
}

% DES collaboration 2005
@ARTICLE{2005astro.ph.10346T,
       author = {{The Dark Energy Survey Collaboration}},
        title = "{The Dark Energy Survey}",
      journal = {arXiv e-prints},
     keywords = {Astrophysics},
         year = 2005,
        month = oct,
          eid = {astro-ph/0510346},
        pages = {astro-ph/0510346},
archivePrefix = {arXiv},
       eprint = {astro-ph/0510346},
 primaryClass = {astro-ph},
       adsurl = {https://ui.adsabs.harvard.edu/abs/2005astro.ph.10346T},
      adsnote = {Provided by the SAO/NASA Astrophysics Data System}
}

% Gatti et al. 2020
@ARTICLE{2020arXiv201103408G,
       author = {{Gatti}, M. and {Sheldon}, E. and {Amon}, A. and {Becker}, M. and {Troxel}, M. and {Choi}, A. and {Doux}, C. and {MacCrann}, N. and {Navarro Alsina}, A. and {Harrison}, I. and {Gruen}, D. and {Bernstein}, G. and {Jarvis}, M. and {Secco}, L.~F. and {Fert{\'e}}, A. and {Shin}, T. and {McCullough}, J. and {Rollins}, R.~P. and {Chen}, R. and {Chang}, C. and {Pandey}, S. and {Tutusaus}, I. and {Prat}, J. and {Elvin-Poole}, J. and {Sanchez}, C. and {Plazas}, A.~A. and {Roodman}, A. and {Zuntz}, J. and {Abbott}, T.~M.~C. and {Aguena}, M. and {Allam}, S. and {Annis}, J. and {Avila}, S. and {Bacon}, D. and {Bertin}, E. and {Bhargava}, S. and {Brooks}, D. and {Burke}, D.~L. and {Carnero Rosell}, A. and {Carrasco Kind}, M. and {Carretero}, J. and {Castander}, F.~J. and {Conselice}, C. and {Costanzi}, M. and {da Costa}, L.~N. and {Davis}, T.~M. and {De Vicente}, J. and {Desai}, S. and {Diehl}, H.~T. and {Dietrich}, J.~P. and {Doel}, P. and {Drlica-Wagner}, A. and {Eckert}, K. and {Everett}, S. and {Ferrero}, I. and {Frieman}, J. and {Garc{\'\i}a-Bellido}, J. and {Gerdes}, D.~W. and {Giannantonio}, T. and {Gruendl}, R.~A. and {Gschwend}, J. and {Gutierrez}, G. and {Hartley}, W.~G. and {Hinton}, S.~R. and {Hollowood}, D.~L. and {Honscheid}, K. and {Hoyle}, B. and {Huff}, E.~M. and {Huterer}, D. and {Jain}, B. and {James}, D.~J. and {Jeltema}, T. and {Krause}, E. and {Kron}, R. and {Kuropatkin}, N. and {Lima}, M. and {Maia}, M.~A.~G. and {Marshall}, J.~L. and {Miquel}, R. and {Morgan}, R. and {Myles}, J. and {Palmese}, A. and {Paz-Chinch{\'o}n}, F. and {Rykoff}, E.~S. and {Samuroff}, S. and {Sanchez}, E. and {Scarpine}, V. and {Schubnell}, M. and {Serrano}, S. and {Sevilla-Noarbe}, I. and {Smith}, M. and {Suchyta}, E. and {Swanson}, M.~E.~C. and {Tarle}, G. and {Thomas}, D. and {To}, C. and {Tucker}, D.~L. and {Varga}, T.~N. and {Wechsler}, R.~H. and {Weller}, J. and {Wester}, W. and {Wilkinson}, R.~D.},
        title = "{Dark Energy Survey Year 3 Results: Weak Lensing Shape Catalogue}",
      journal = {arXiv e-prints},
     keywords = {Astrophysics - Cosmology and Nongalactic Astrophysics},
         year = 2020,
        month = nov,
          eid = {arXiv:2011.03408},
        pages = {arXiv:2011.03408},
archivePrefix = {arXiv},
       eprint = {2011.03408},
 primaryClass = {astro-ph.CO},
       adsurl = {https://ui.adsabs.harvard.edu/abs/2020arXiv201103408G},
      adsnote = {Provided by the SAO/NASA Astrophysics Data System}
}

% MacCrann et al. 2020
@ARTICLE{2020arXiv201208567M,
       author = {{MacCrann}, N. and {Becker}, M.~R. and {McCullough}, J. and {Amon}, A. and {Gruen}, D. and {Jarvis}, M. and {Choi}, A. and {Troxel}, M.~A. and {Sheldon}, E. and {Yanny}, B. and {Herner}, K. and {Dodelson}, S. and {Zuntz}, J. and {Eckert}, K. and {Rollins}, R.~P. and {Varga}, T.~N. and {Bernstein}, G.~M. and {Gruendl}, R.~A. and {Harrison}, I. and {Hartley}, W.~G. and {Sevilla-Noarbe}, I. and {Pieres}, A. and {Bridle}, S.~L. and {Myles}, J. and {Alarcon}, A. and {Everett}, S. and {S{\'a}nchez}, C. and {Huff}, E.~M. and {Tarsitano}, F. and {Gatti}, M. and {Secco}, L.~F. and {Abbott}, T.~M.~C. and {Aguena}, M. and {Allam}, S. and {Annis}, J. and {Bacon}, D. and {Bertin}, E. and {Brooks}, D. and {Burke}, D.~L. and {Carnero Rosell}, A. and {Carrasco Kind}, M. and {Carretero}, J. and {Costanzi}, M. and {Crocce}, M. and {Pereira}, M.~E.~S. and {De Vicente}, J. and {Desai}, S. and {Diehl}, H.~T. and {Dietrich}, J.~P. and {Doel}, P. and {Eifler}, T.~F. and {Ferrero}, I. and {Fert{\'e}}, A. and {Flaugher}, B. and {Fosalba}, P. and {Frieman}, J. and {Garc{\'\i}a-Bellido}, J. and {Gaztanaga}, E. and {Gerdes}, D.~W. and {Giannantonio}, T. and {Gschwend}, J. and {Gutierrez}, G. and {Hinton}, S.~R. and {Hollowood}, D.~L. and {Honscheid}, K. and {James}, D.~J. and {Lahav}, O. and {Lima}, M. and {Maia}, M.~A.~G. and {March}, M. and {Marshall}, J.~L. and {Martini}, P. and {Melchior}, P. and {Menanteau}, F. and {Miquel}, R. and {Mohr}, J.~J. and {Morgan}, R. and {Muir}, J. and {Ogando}, R.~L.~C. and {Palmese}, A. and {Paz-Chinch{\'o}n}, F. and {Plazas}, A.~A. and {Rodriguez-Monroy}, M. and {Roodman}, A. and {Samuroff}, S. and {Sanchez}, E. and {Scarpine}, V. and {Serrano}, S. and {Smith}, M. and {Soares-Santos}, M. and {Suchyta}, E. and {Swanson}, M.~E.~C. and {Tarle}, G. and {Thomas}, D. and {To}, C. and {Wilkinson}, R.~D.},
        title = "{DES Y3 results: Blending shear and redshift biases in image simulations}",
      journal = {arXiv e-prints},
     keywords = {Astrophysics - Cosmology and Nongalactic Astrophysics},
         year = 2020,
        month = dec,
          eid = {arXiv:2012.08567},
        pages = {arXiv:2012.08567},
archivePrefix = {arXiv},
       eprint = {2012.08567},
 primaryClass = {astro-ph.CO},
       adsurl = {https://ui.adsabs.harvard.edu/abs/2020arXiv201208567M},
      adsnote = {Provided by the SAO/NASA Astrophysics Data System}
}

% Albrecht et al. 2006
@ARTICLE{2006astro.ph..9591A,
       author = {{Albrecht}, Andreas and {Bernstein}, Gary and {Cahn}, Robert and {Freedman}, Wendy L. and {Hewitt}, Jacqueline and {Hu}, Wayne and {Huth}, John and {Kamionkowski}, Marc and {Kolb}, Edward W. and {Knox}, Lloyd and {Mather}, John C. and {Staggs}, Suzanne and {Suntzeff}, Nicholas B.},
        title = "{Report of the Dark Energy Task Force}",
      journal = {arXiv e-prints},
     keywords = {Astrophysics},
         year = 2006,
        month = sep,
          eid = {astro-ph/0609591},
        pages = {astro-ph/0609591},
archivePrefix = {arXiv},
       eprint = {astro-ph/0609591},
 primaryClass = {astro-ph},
       adsurl = {https://ui.adsabs.harvard.edu/abs/2006astro.ph..9591A},
      adsnote = {Provided by the SAO/NASA Astrophysics Data System}
}

% LSST collaboration
@ARTICLE{2009arXiv0912.0201L,
       author = {{LSST Science Collaboration} and {Abell}, Paul A. and {Allison}, Julius and {Anderson}, Scott F. and {Andrew}, John R. and {Angel}, J. Roger P. and {Armus}, Lee and {Arnett}, David and {Asztalos}, S.~J. and {Axelrod}, Tim S. and {Bailey}, Stephen and {Ballantyne}, D.~R. and {Bankert}, Justin R. and {Barkhouse}, Wayne A. and {Barr}, Jeffrey D. and {Barrientos}, L. Felipe and {Barth}, Aaron J. and {Bartlett}, James G. and {Becker}, Andrew C. and {Becla}, Jacek and {Beers}, Timothy C. and {Bernstein}, Joseph P. and {Biswas}, Rahul and {Blanton}, Michael R. and {Bloom}, Joshua S. and {Bochanski}, John J. and {Boeshaar}, Pat and {Borne}, Kirk D. and {Bradac}, Marusa and {Brandt}, W.~N. and {Bridge}, Carrie R. and {Brown}, Michael E. and {Brunner}, Robert J. and {Bullock}, James S. and {Burgasser}, Adam J. and {Burge}, James H. and {Burke}, David L. and {Cargile}, Phillip A. and {Chandrasekharan}, Srinivasan and {Chartas}, George and {Chesley}, Steven R. and {Chu}, You-Hua and {Cinabro}, David and {Claire}, Mark W. and {Claver}, Charles F. and {Clowe}, Douglas and {Connolly}, A.~J. and {Cook}, Kem H. and {Cooke}, Jeff and {Cooray}, Asantha and {Covey}, Kevin R. and {Culliton}, Christopher S. and {de Jong}, Roelof and {de Vries}, Willem H. and {Debattista}, Victor P. and {Delgado}, Francisco and {Dell'Antonio}, Ian P. and {Dhital}, Saurav and {Di Stefano}, Rosanne and {Dickinson}, Mark and {Dilday}, Benjamin and {Djorgovski}, S.~G. and {Dobler}, Gregory and {Donalek}, Ciro and {Dubois-Felsmann}, Gregory and {Durech}, Josef and {Eliasdottir}, Ardis and {Eracleous}, Michael and {Eyer}, Laurent and {Falco}, Emilio E. and {Fan}, Xiaohui and {Fassnacht}, Christopher D. and {Ferguson}, Harry C. and {Fernandez}, Yanga R. and {Fields}, Brian D. and {Finkbeiner}, Douglas and {Figueroa}, Eduardo E. and {Fox}, Derek B. and {Francke}, Harold and {Frank}, James S. and {Frieman}, Josh and {Fromenteau}, Sebastien and {Furqan}, Muhammad and {Galaz}, Gaspar and {Gal-Yam}, A. and {Garnavich}, Peter and {Gawiser}, Eric and {Geary}, John and {Gee}, Perry and {Gibson}, Robert R. and {Gilmore}, Kirk and {Grace}, Emily A. and {Green}, Richard F. and {Gressler}, William J. and {Grillmair}, Carl J. and {Habib}, Salman and {Haggerty}, J.~S. and {Hamuy}, Mario and {Harris}, Alan W. and {Hawley}, Suzanne L. and {Heavens}, Alan F. and {Hebb}, Leslie and {Henry}, Todd J. and {Hileman}, Edward and {Hilton}, Eric J. and {Hoadley}, Keri and {Holberg}, J.~B. and {Holman}, Matt J. and {Howell}, Steve B. and {Infante}, Leopoldo and {Ivezic}, Zeljko and {Jacoby}, Suzanne H. and {Jain}, Bhuvnesh and {R} and {Jedicke} and {Jee}, M. James and {Garrett Jernigan}, J. and {Jha}, Saurabh W. and {Johnston}, Kathryn V. and {Jones}, R. Lynne and {Juric}, Mario and {Kaasalainen}, Mikko and {Styliani} and {Kafka} and {Kahn}, Steven M. and {Kaib}, Nathan A. and {Kalirai}, Jason and {Kantor}, Jeff and {Kasliwal}, Mansi M. and {Keeton}, Charles R. and {Kessler}, Richard and {Knezevic}, Zoran and {Kowalski}, Adam and {Krabbendam}, Victor L. and {Krughoff}, K. Simon and {Kulkarni}, Shrinivas and {Kuhlman}, Stephen and {Lacy}, Mark and {Lepine}, Sebastien and {Liang}, Ming and {Lien}, Amy and {Lira}, Paulina and {Long}, Knox S. and {Lorenz}, Suzanne and {Lotz}, Jennifer M. and {Lupton}, R.~H. and {Lutz}, Julie and {Macri}, Lucas M. and {Mahabal}, Ashish A. and {Mandelbaum}, Rachel and {Marshall}, Phil and {May}, Morgan and {McGehee}, Peregrine M. and {Meadows}, Brian T. and {Meert}, Alan and {Milani}, Andrea and {Miller}, Christopher J. and {Miller}, Michelle and {Mills}, David and {Minniti}, Dante and {Monet}, David and {Mukadam}, Anjum S. and {Nakar}, Ehud and {Neill}, Douglas R. and {Newman}, Jeffrey A. and {Nikolaev}, Sergei and {Nordby}, Martin and {O'Connor}, Paul and {Oguri}, Masamune and {Oliver}, John and {Olivier}, Scot S. and {Olsen}, Julia K. and {Olsen}, Knut and {Olszewski}, Edward W. and {Oluseyi}, Hakeem and {Padilla}, Nelson D. and {Parker}, Alex and {Pepper}, Joshua and {Peterson}, John R. and {Petry}, Catherine and {Pinto}, Philip A. and {Pizagno}, James L. and {Popescu}, Bogdan and {Prsa}, Andrej and {Radcka}, Veljko and {Raddick}, M. Jordan and {Rasmussen}, Andrew and {Rau}, Arne and {Rho}, Jeonghee and {Rhoads}, James E. and {Richards}, Gordon T. and {Ridgway}, Stephen T. and {Robertson}, Brant E. and {Roskar}, Rok and {Saha}, Abhijit and {Sarajedini}, Ata and {Scannapieco}, Evan and {Schalk}, Terry and {Schindler}, Rafe and {Schmidt}, Samuel and {Schmidt}, Sarah and {Schneider}, Donald P. and {Schumacher}, German and {Scranton}, Ryan and {Sebag}, Jacques and {Seppala}, Lynn G. and {Shemmer}, Ohad and {Simon}, Joshua D. and {Sivertz}, M. and {Smith}, Howard A. and {Allyn Smith}, J. and {Smith}, Nathan and {Spitz}, Anna H. and {Stanford}, Adam and {Stassun}, Keivan G. and {Strader}, Jay and {Strauss}, Michael A. and {Stubbs}, Christopher W. and {Sweeney}, Donald W. and {Szalay}, Alex and {Szkody}, Paula and {Takada}, Masahiro and {Thorman}, Paul and {Trilling}, David E. and {Trimble}, Virginia and {Tyson}, Anthony and {Van Berg}, Richard and {Vanden Berk}, Daniel and {VanderPlas}, Jake and {Verde}, Licia and {Vrsnak}, Bojan and {Walkowicz}, Lucianne M. and {Wandelt}, Benjamin D. and {Wang}, Sheng and {Wang}, Yun and {Warner}, Michael and {Wechsler}, Risa H. and {West}, Andrew A. and {Wiecha}, Oliver and {Williams}, Benjamin F. and {Willman}, Beth and {Wittman}, David and {Wolff}, Sidney C. and {Wood-Vasey}, W. Michael and {Wozniak}, Przemek and {Young}, Patrick and {Zentner}, Andrew and {Zhan}, Hu},
        title = "{LSST Science Book, Version 2.0}",
      journal = {arXiv e-prints},
     keywords = {Astrophysics - Instrumentation and Methods for Astrophysics, Astrophysics - Cosmology and Extragalactic Astrophysics, Astrophysics - Earth and Planetary Astrophysics, Astrophysics - Galaxy Astrophysics, Astrophysics - Solar and Stellar Astrophysics},
         year = 2009,
        month = dec,
          eid = {arXiv:0912.0201},
        pages = {arXiv:0912.0201},
archivePrefix = {arXiv},
       eprint = {0912.0201},
 primaryClass = {astro-ph.IM},
       adsurl = {https://ui.adsabs.harvard.edu/abs/2009arXiv0912.0201L},
      adsnote = {Provided by the SAO/NASA Astrophysics Data System}
}

% Ivezic et al. 2019
@ARTICLE{2019ApJ...873..111I,
       author = {{Ivezi{\'c}}, {\v{Z}}eljko and {Kahn}, Steven M. and {Tyson}, J. Anthony and {Abel}, Bob and {Acosta}, Emily and {Allsman}, Robyn and {Alonso}, David and {AlSayyad}, Yusra and {Anderson}, Scott F. and {Andrew}, John and {Angel}, James Roger P. and {Angeli}, George Z. and {Ansari}, Reza and {Antilogus}, Pierre and {Araujo}, Constanza and {Armstrong}, Robert and {Arndt}, Kirk T. and {Astier}, Pierre and {Aubourg}, {\'E}ric and {Auza}, Nicole and {Axelrod}, Tim S. and {Bard}, Deborah J. and {Barr}, Jeff D. and {Barrau}, Aurelian and {Bartlett}, James G. and {Bauer}, Amanda E. and {Bauman}, Brian J. and {Baumont}, Sylvain and {Bechtol}, Ellen and {Bechtol}, Keith and {Becker}, Andrew C. and {Becla}, Jacek and {Beldica}, Cristina and {Bellavia}, Steve and {Bianco}, Federica B. and {Biswas}, Rahul and {Blanc}, Guillaume and {Blazek}, Jonathan and {Blandford}, Roger D. and {Bloom}, Josh S. and {Bogart}, Joanne and {Bond}, Tim W. and {Booth}, Michael T. and {Borgland}, Anders W. and {Borne}, Kirk and {Bosch}, James F. and {Boutigny}, Dominique and {Brackett}, Craig A. and {Bradshaw}, Andrew and {Brandt}, William Nielsen and {Brown}, Michael E. and {Bullock}, James S. and {Burchat}, Patricia and {Burke}, David L. and {Cagnoli}, Gianpietro and {Calabrese}, Daniel and {Callahan}, Shawn and {Callen}, Alice L. and {Carlin}, Jeffrey L. and {Carlson}, Erin L. and {Chandrasekharan}, Srinivasan and {Charles-Emerson}, Glenaver and {Chesley}, Steve and {Cheu}, Elliott C. and {Chiang}, Hsin-Fang and {Chiang}, James and {Chirino}, Carol and {Chow}, Derek and {Ciardi}, David R. and {Claver}, Charles F. and {Cohen-Tanugi}, Johann and {Cockrum}, Joseph J. and {Coles}, Rebecca and {Connolly}, Andrew J. and {Cook}, Kem H. and {Cooray}, Asantha and {Covey}, Kevin R. and {Cribbs}, Chris and {Cui}, Wei and {Cutri}, Roc and {Daly}, Philip N. and {Daniel}, Scott F. and {Daruich}, Felipe and {Daubard}, Guillaume and {Daues}, Greg and {Dawson}, William and {Delgado}, Francisco and {Dellapenna}, Alfred and {de Peyster}, Robert and {de Val-Borro}, Miguel and {Digel}, Seth W. and {Doherty}, Peter and {Dubois}, Richard and {Dubois-Felsmann}, Gregory P. and {Durech}, Josef and {Economou}, Frossie and {Eifler}, Tim and {Eracleous}, Michael and {Emmons}, Benjamin L. and {Fausti Neto}, Angelo and {Ferguson}, Henry and {Figueroa}, Enrique and {Fisher-Levine}, Merlin and {Focke}, Warren and {Foss}, Michael D. and {Frank}, James and {Freemon}, Michael D. and {Gangler}, Emmanuel and {Gawiser}, Eric and {Geary}, John C. and {Gee}, Perry and {Geha}, Marla and {Gessner}, Charles J.~B. and {Gibson}, Robert R. and {Gilmore}, D. Kirk and {Glanzman}, Thomas and {Glick}, William and {Goldina}, Tatiana and {Goldstein}, Daniel A. and {Goodenow}, Iain and {Graham}, Melissa L. and {Gressler}, William J. and {Gris}, Philippe and {Guy}, Leanne P. and {Guyonnet}, Augustin and {Haller}, Gunther and {Harris}, Ron and {Hascall}, Patrick A. and {Haupt}, Justine and {Hernandez}, Fabio and {Herrmann}, Sven and {Hileman}, Edward and {Hoblitt}, Joshua and {Hodgson}, John A. and {Hogan}, Craig and {Howard}, James D. and {Huang}, Dajun and {Huffer}, Michael E. and {Ingraham}, Patrick and {Innes}, Walter R. and {Jacoby}, Suzanne H. and {Jain}, Bhuvnesh and {Jammes}, Fabrice and {Jee}, M. James and {Jenness}, Tim and {Jernigan}, Garrett and {Jevremovi{\'c}}, Darko and {Johns}, Kenneth and {Johnson}, Anthony S. and {Johnson}, Margaret W.~G. and {Jones}, R. Lynne and {Juramy-Gilles}, Claire and {Juri{\'c}}, Mario and {Kalirai}, Jason S. and {Kallivayalil}, Nitya J. and {Kalmbach}, Bryce and {Kantor}, Jeffrey P. and {Karst}, Pierre and {Kasliwal}, Mansi M. and {Kelly}, Heather and {Kessler}, Richard and {Kinnison}, Veronica and {Kirkby}, David and {Knox}, Lloyd and {Kotov}, Ivan V. and {Krabbendam}, Victor L. and {Krughoff}, K. Simon and {Kub{\'a}nek}, Petr and {Kuczewski}, John and {Kulkarni}, Shri and {Ku}, John and {Kurita}, Nadine R. and {Lage}, Craig S. and {Lambert}, Ron and {Lange}, Travis and {Langton}, J. Brian and {Le Guillou}, Laurent and {Levine}, Deborah and {Liang}, Ming and {Lim}, Kian-Tat and {Lintott}, Chris J. and {Long}, Kevin E. and {Lopez}, Margaux and {Lotz}, Paul J. and {Lupton}, Robert H. and {Lust}, Nate B. and {MacArthur}, Lauren A. and {Mahabal}, Ashish and {Mandelbaum}, Rachel and {Markiewicz}, Thomas W. and {Marsh}, Darren S. and {Marshall}, Philip J. and {Marshall}, Stuart and {May}, Morgan and {McKercher}, Robert and {McQueen}, Michelle and {Meyers}, Joshua and {Migliore}, Myriam and {Miller}, Michelle and {Mills}, David J. and {Miraval}, Connor and {Moeyens}, Joachim and {Moolekamp}, Fred E. and {Monet}, David G. and {Moniez}, Marc and {Monkewitz}, Serge and {Montgomery}, Christopher and {Morrison}, Christopher B. and {Mueller}, Fritz and {Muller}, Gary P. and {Mu{\~n}oz Arancibia}, Freddy and {Neill}, Douglas R. and {Newbry}, Scott P. and {Nief}, Jean-Yves and {Nomerotski}, Andrei and {Nordby}, Martin and {O'Connor}, Paul and {Oliver}, John and {Olivier}, Scot S. and {Olsen}, Knut and {O'Mullane}, William and {Ortiz}, Sandra and {Osier}, Shawn and {Owen}, Russell E. and {Pain}, Reynald and {Palecek}, Paul E. and {Parejko}, John K. and {Parsons}, James B. and {Pease}, Nathan M. and {Peterson}, J. Matt and {Peterson}, John R. and {Petravick}, Donald L. and {Libby Petrick}, M.~E. and {Petry}, Cathy E. and {Pierfederici}, Francesco and {Pietrowicz}, Stephen and {Pike}, Rob and {Pinto}, Philip A. and {Plante}, Raymond and {Plate}, Stephen and {Plutchak}, Joel P. and {Price}, Paul A. and {Prouza}, Michael and {Radeka}, Veljko and {Rajagopal}, Jayadev and {Rasmussen}, Andrew P. and {Regnault}, Nicolas and {Reil}, Kevin A. and {Reiss}, David J. and {Reuter}, Michael A. and {Ridgway}, Stephen T. and {Riot}, Vincent J. and {Ritz}, Steve and {Robinson}, Sean and {Roby}, William and {Roodman}, Aaron and {Rosing}, Wayne and {Roucelle}, Cecille and {Rumore}, Matthew R. and {Russo}, Stefano and {Saha}, Abhijit and {Sassolas}, Benoit and {Schalk}, Terry L. and {Schellart}, Pim and {Schindler}, Rafe H. and {Schmidt}, Samuel and {Schneider}, Donald P. and {Schneider}, Michael D. and {Schoening}, William and {Schumacher}, German and {Schwamb}, Megan E. and {Sebag}, Jacques and {Selvy}, Brian and {Sembroski}, Glenn H. and {Seppala}, Lynn G. and {Serio}, Andrew and {Serrano}, Eduardo and {Shaw}, Richard A. and {Shipsey}, Ian and {Sick}, Jonathan and {Silvestri}, Nicole and {Slater}, Colin T. and {Smith}, J. Allyn and {Smith}, R. Chris and {Sobhani}, Shahram and {Soldahl}, Christine and {Storrie-Lombardi}, Lisa and {Stover}, Edward and {Strauss}, Michael A. and {Street}, Rachel A. and {Stubbs}, Christopher W. and {Sullivan}, Ian S. and {Sweeney}, Donald and {Swinbank}, John D. and {Szalay}, Alexander and {Takacs}, Peter and {Tether}, Stephen A. and {Thaler}, Jon J. and {Thayer}, John Gregg and {Thomas}, Sandrine and {Thornton}, Adam J. and {Thukral}, Vaikunth and {Tice}, Jeffrey and {Trilling}, David E. and {Turri}, Max and {Van Berg}, Richard and {Vanden Berk}, Daniel and {Vetter}, Kurt and {Virieux}, Francoise and {Vucina}, Tomislav and {Wahl}, William and {Walkowicz}, Lucianne and {Walsh}, Brian and {Walter}, Christopher W. and {Wang}, Daniel L. and {Wang}, Shin-Yawn and {Warner}, Michael and {Wiecha}, Oliver and {Willman}, Beth and {Winters}, Scott E. and {Wittman}, David and {Wolff}, Sidney C. and {Wood-Vasey}, W. Michael and {Wu}, Xiuqin and {Xin}, Bo and {Yoachim}, Peter and {Zhan}, Hu},
        title = "{LSST: From Science Drivers to Reference Design and Anticipated Data Products}",
      journal = {\apj},
     keywords = {astrometry, cosmology: observations, Galaxy: general, methods: observational, stars: general, surveys, Astrophysics},
         year = 2019,
        month = mar,
       volume = {873},
       number = {2},
          eid = {111},
        pages = {111},
          doi = {10.3847/1538-4357/ab042c},
archivePrefix = {arXiv},
       eprint = {0805.2366},
 primaryClass = {astro-ph},
       adsurl = {https://ui.adsabs.harvard.edu/abs/2019ApJ...873..111I},
      adsnote = {Provided by the SAO/NASA Astrophysics Data System}
}

% Euclid

% Spergel et al. 2015
@ARTICLE{2015arXiv150303757S,
       author = {{Spergel}, D. and {Gehrels}, N. and {Baltay}, C. and {Bennett}, D. and {Breckinridge}, J. and {Donahue}, M. and {Dressler}, A. and {Gaudi}, B.~S. and {Greene}, T. and {Guyon}, O. and {Hirata}, C. and {Kalirai}, J. and {Kasdin}, N.~J. and {Macintosh}, B. and {Moos}, W. and {Perlmutter}, S. and {Postman}, M. and {Rauscher}, B. and {Rhodes}, J. and {Wang}, Y. and {Weinberg}, D. and {Benford}, D. and {Hudson}, M. and {Jeong}, W. -S. and {Mellier}, Y. and {Traub}, W. and {Yamada}, T. and {Capak}, P. and {Colbert}, J. and {Masters}, D. and {Penny}, M. and {Savransky}, D. and {Stern}, D. and {Zimmerman}, N. and {Barry}, R. and {Bartusek}, L. and {Carpenter}, K. and {Cheng}, E. and {Content}, D. and {Dekens}, F. and {Demers}, R. and {Grady}, K. and {Jackson}, C. and {Kuan}, G. and {Kruk}, J. and {Melton}, M. and {Nemati}, B. and {Parvin}, B. and {Poberezhskiy}, I. and {Peddie}, C. and {Ruffa}, J. and {Wallace}, J.~K. and {Whipple}, A. and {Wollack}, E. and {Zhao}, F.},
        title = "{Wide-Field InfrarRed Survey Telescope-Astrophysics Focused Telescope Assets WFIRST-AFTA 2015 Report}",
      journal = {arXiv e-prints},
     keywords = {Astrophysics - Instrumentation and Methods for Astrophysics},
         year = 2015,
        month = mar,
          eid = {arXiv:1503.03757},
        pages = {arXiv:1503.03757},
archivePrefix = {arXiv},
       eprint = {1503.03757},
 primaryClass = {astro-ph.IM},
       adsurl = {https://ui.adsabs.harvard.edu/abs/2015arXiv150303757S},
      adsnote = {Provided by the SAO/NASA Astrophysics Data System}
}


@ARTICLE{2018arXiv180403628D,
       author = {{Dor{\'e}}, Olivier and {Hirata}, Christopher and {Wang}, Yun and {Weinberg}, David and {Baronchelli}, Ivano and {Benson}, Andrew and {Capak}, Peter and {Choi}, Ami and {Eifler}, Tim and {Hemmati}, Shoubaneh and {Ho}, Shirley and {Izard}, Albert and {Jain}, Bhuvnesh and {Jarvis}, Mike and {Kiessling}, Alina and {Krause}, Elisabeth and {Massara}, Elena and {Masters}, Dan and {Merson}, Alex and {Miyatake}, Hironao and {Plazas Malagon}, Andres and {Mandelbaum}, Rachel and {Samushia}, Lado and {Shapiro}, Chaz and {Simet}, Melanie and {Spergel}, David and {Teplitz}, Harry and {Troxel}, Michael and {Bean}, Rachel and {Colbert}, James and {Heinrich}, Chen He and {Heitmann}, Katrin and {Helou}, George and {Hudson}, Michael and {Huff}, Eric and {Leauthaud}, Alexie and {MacCrann}, Niall and {Padmanabhan}, Nikhil and {Pisani}, Alice and {Rhodes}, Jason and {Rozo}, Eduardo and {Seiffert}, Mike and {Smith}, Kendrick and {Takada}, Masahiro and {von der Linden}, Anja and {Lupton}, Robert and {Yoshida}, Naoki and {Wu}, Hao-Yi and {Zu}, Ying},
        title = "{WFIRST Science Investigation Team ``Cosmology with the High Latitude Survey'' Annual Report 2017}",
      journal = {arXiv e-prints},
     keywords = {Astrophysics - Cosmology and Nongalactic Astrophysics, Astrophysics - Astrophysics of Galaxies},
         year = 2018,
        month = apr,
          eid = {arXiv:1804.03628},
        pages = {arXiv:1804.03628},
archivePrefix = {arXiv},
       eprint = {1804.03628},
 primaryClass = {astro-ph.CO},
       adsurl = {https://ui.adsabs.harvard.edu/abs/2018arXiv180403628D},
      adsnote = {Provided by the SAO/NASA Astrophysics Data System}
}



% Mandelbaum 2018
@ARTICLE{2018ARA&A..56..393M,
       author = {{Mandelbaum}, Rachel},
        title = "{Weak Lensing for Precision Cosmology}",
      journal = {\araa},
     keywords = {Astrophysics - Cosmology and Nongalactic Astrophysics},
         year = 2018,
        month = sep,
       volume = {56},
        pages = {393-433},
          doi = {10.1146/annurev-astro-081817-051928},
archivePrefix = {arXiv},
       eprint = {1710.03235},
 primaryClass = {astro-ph.CO},
       adsurl = {https://ui.adsabs.harvard.edu/abs/2018ARA&A..56..393M},
      adsnote = {Provided by the SAO/NASA Astrophysics Data System}
}

% Heymans et al. 2006
@ARTICLE{2006MNRAS.368.1323H,
       author = {{Heymans}, Catherine and {Van Waerbeke}, Ludovic and {Bacon}, David and {Berge}, Joel and {Bernstein}, Gary and {Bertin}, Emmanuel and {Bridle}, Sarah and {Brown}, Michael L. and {Clowe}, Douglas and {Dahle}, H{\r{a}}kon and {Erben}, Thomas and {Gray}, Meghan and {Hetterscheidt}, Marco and {Hoekstra}, Henk and {Hudelot}, Patrick and {Jarvis}, Mike and {Kuijken}, Konrad and {Margoniner}, Vera and {Massey}, Richard and {Mellier}, Yannick and {Nakajima}, Reiko and {Refregier}, Alexandre and {Rhodes}, Jason and {Schrabback}, Tim and {Wittman}, David},
        title = "{The Shear Testing Programme - I. Weak lensing analysis of simulated ground-based observations}",
      journal = {\mnras},
     keywords = {gravitational lensing, cosmology: observations, large-scale structure of Universe, Astrophysics},
         year = 2006,
        month = may,
       volume = {368},
       number = {3},
        pages = {1323-1339},
          doi = {10.1111/j.1365-2966.2006.10198.x},
archivePrefix = {arXiv},
       eprint = {astro-ph/0506112},
 primaryClass = {astro-ph},
       adsurl = {https://ui.adsabs.harvard.edu/abs/2006MNRAS.368.1323H},
      adsnote = {Provided by the SAO/NASA Astrophysics Data System}
}

% Huterer et al. 2006
@ARTICLE{2006MNRAS.366..101H,
       author = {{Huterer}, Dragan and {Takada}, Masahiro and {Bernstein}, Gary and {Jain}, Bhuvnesh},
        title = "{Systematic errors in future weak-lensing surveys: requirements and prospects for self-calibration}",
      journal = {\mnras},
     keywords = {cosmological parameters, large-scale structure of Universe, Astrophysics},
         year = 2006,
        month = feb,
       volume = {366},
       number = {1},
        pages = {101-114},
          doi = {10.1111/j.1365-2966.2005.09782.x},
archivePrefix = {arXiv},
       eprint = {astro-ph/0506030},
 primaryClass = {astro-ph},
       adsurl = {https://ui.adsabs.harvard.edu/abs/2006MNRAS.366..101H},
      adsnote = {Provided by the SAO/NASA Astrophysics Data System}
}

% Massey et al. 2007b
@ARTICLE{2007MNRAS.376...13M,
       author = {{Massey}, Richard and {Heymans}, Catherine and {Berg{\'e}}, Joel and {Bernstein}, Gary and {Bridle}, Sarah and {Clowe}, Douglas and {Dahle}, H{\r{a}}kon and {Ellis}, Richard and {Erben}, Thomas and {Hetterscheidt}, Marco and {High}, F. William and {Hirata}, Christopher and {Hoekstra}, Henk and {Hudelot}, Patrick and {Jarvis}, Mike and {Johnston}, David and {Kuijken}, Konrad and {Margoniner}, Vera and {Mandelbaum}, Rachel and {Mellier}, Yannick and {Nakajima}, Reiko and {Paulin-Henriksson}, Stephane and {Peeples}, Molly and {Roat}, Chris and {Refregier}, Alexandre and {Rhodes}, Jason and {Schrabback}, Tim and {Schirmer}, Mischa and {Seljak}, Uro{\v{s}} and {Semboloni}, Elisabetta and {van Waerbeke}, Ludovic},
        title = "{The Shear Testing Programme 2: Factors affecting high-precision weak-lensing analyses}",
      journal = {\mnras},
     keywords = {gravitational lensing, methods: data analysis, cosmology: observations, Astrophysics},
         year = 2007,
        month = mar,
       volume = {376},
       number = {1},
        pages = {13-38},
          doi = {10.1111/j.1365-2966.2006.11315.x},
archivePrefix = {arXiv},
       eprint = {astro-ph/0608643},
 primaryClass = {astro-ph},
       adsurl = {https://ui.adsabs.harvard.edu/abs/2007MNRAS.376...13M},
      adsnote = {Provided by the SAO/NASA Astrophysics Data System}
}

% Massey et al. 2013
@ARTICLE{2013MNRAS.429..661M,
       author = {{Massey}, Richard and {Hoekstra}, Henk and {Kitching}, Thomas and {Rhodes}, Jason and {Cropper}, Mark and {Amiaux}, J{\'e}r{\^o}me and {Harvey}, David and {Mellier}, Yannick and {Meneghetti}, Massimo and {Miller}, Lance and {Paulin-Henriksson}, St{\'e}phane and {Pires}, Sandrine and {Scaramella}, Roberto and {Schrabback}, Tim},
        title = "{Origins of weak lensing systematics, and requirements on future instrumentation (or knowledge of instrumentation)}",
      journal = {\mnras},
     keywords = {gravitational lensing: weak, instrumentation: detectors, methods: data analysis, space vehicles: instruments, telescopes, cosmological parameters, Astrophysics - Cosmology and Nongalactic Astrophysics, Astrophysics - Instrumentation and Methods for Astrophysics},
         year = 2013,
        month = feb,
       volume = {429},
       number = {1},
        pages = {661-678},
          doi = {10.1093/mnras/sts371},
archivePrefix = {arXiv},
       eprint = {1210.7690},
 primaryClass = {astro-ph.CO},
       adsurl = {https://ui.adsabs.harvard.edu/abs/2013MNRAS.429..661M},
      adsnote = {Provided by the SAO/NASA Astrophysics Data System}
}

% Plazas and Andres 2020
@ARTICLE{2020Symm...12..494P,
       author = {{Plazas Malag{\'o}n}, Andr{\'e}s A.},
        title = "{Image Simulations for Strong and Weak Gravitational Lensing}",
      journal = {Symmetry},
     keywords = {Astrophysics - Cosmology and Nongalactic Astrophysics},
         year = 2020,
        month = mar,
       volume = {12},
       number = {4},
        pages = {494},
          doi = {10.3390/sym12040494},
archivePrefix = {arXiv},
       eprint = {2003.06090},
 primaryClass = {astro-ph.CO},
       adsurl = {https://ui.adsabs.harvard.edu/abs/2020Symm...12..494P},
      adsnote = {Provided by the SAO/NASA Astrophysics Data System}
}

% Troxel et al. 2020
@ARTICLE{2021MNRAS.501.2044T,
       author = {{Troxel}, M.~A. and {Long}, H. and {Hirata}, C.~M. and {Choi}, A. and {Jarvis}, M. and {Mandelbaum}, R. and {Wang}, K. and {Yamamoto}, M. and {Hemmati}, S. and {Capak}, P.},
        title = "{A synthetic Roman Space Telescope High-Latitude Imaging Survey: simulation suite and the impact of wavefront errors on weak gravitational lensing}",
      journal = {\mnras},
     keywords = {gravitational lensing: weak, techniques: image processing, large-scale structure of Universe, Astrophysics - Instrumentation and Methods for Astrophysics},
         year = 2021,
        month = feb,
       volume = {501},
       number = {2},
        pages = {2044-2070},
          doi = {10.1093/mnras/staa3658},
archivePrefix = {arXiv},
       eprint = {1912.09481},
 primaryClass = {astro-ph.IM},
       adsurl = {https://ui.adsabs.harvard.edu/abs/2021MNRAS.501.2044T},
      adsnote = {Provided by the SAO/NASA Astrophysics Data System}
}

% Huff and Mandelbaum 2017
@ARTICLE{2017arXiv170202600H,
       author = {{Huff}, Eric and {Mandelbaum}, Rachel},
        title = "{Metacalibration: Direct Self-Calibration of Biases in Shear Measurement}",
      journal = {arXiv e-prints},
     keywords = {Astrophysics - Cosmology and Nongalactic Astrophysics},
         year = 2017,
        month = feb,
          eid = {arXiv:1702.02600},
        pages = {arXiv:1702.02600},
archivePrefix = {arXiv},
       eprint = {1702.02600},
 primaryClass = {astro-ph.CO},
       adsurl = {https://ui.adsabs.harvard.edu/abs/2017arXiv170202600H},
      adsnote = {Provided by the SAO/NASA Astrophysics Data System}
}

% Sheldon and Huff 2017
@ARTICLE{2017ApJ...841...24S,
       author = {{Sheldon}, Erin S. and {Huff}, Eric M.},
        title = "{Practical Weak-lensing Shear Measurement with Metacalibration}",
      journal = {\apj},
     keywords = {cosmology: observations, gravitational lensing: weak, methods: observational, Astrophysics - Cosmology and Nongalactic Astrophysics},
         year = 2017,
        month = may,
       volume = {841},
       number = {1},
          eid = {24},
        pages = {24},
          doi = {10.3847/1538-4357/aa704b},
archivePrefix = {arXiv},
       eprint = {1702.02601},
 primaryClass = {astro-ph.CO},
       adsurl = {https://ui.adsabs.harvard.edu/abs/2017ApJ...841...24S},
      adsnote = {Provided by the SAO/NASA Astrophysics Data System}
}

% Zuntz et al. 2018
@ARTICLE{2018MNRAS.481.1149Z,
       author = {{Zuntz}, J. and {Sheldon}, E. and {Samuroff}, S. and {Troxel}, M.~A. and {Jarvis}, M. and {MacCrann}, N. and {Gruen}, D. and {Prat}, J. and {S{\'a}nchez}, C. and {Choi}, A. and {Bridle}, S.~L. and {Bernstein}, G.~M. and {Dodelson}, S. and {Drlica-Wagner}, A. and {Fang}, Y. and {Gruendl}, R.~A. and {Hoyle}, B. and {Huff}, E.~M. and {Jain}, B. and {Kirk}, D. and {Kacprzak}, T. and {Krawiec}, C. and {Plazas}, A.~A. and {Rollins}, R.~P. and {Rykoff}, E.~S. and {Sevilla-Noarbe}, I. and {Soergel}, B. and {Varga}, T.~N. and {Abbott}, T.~M.~C. and {Abdalla}, F.~B. and {Allam}, S. and {Annis}, J. and {Bechtol}, K. and {Benoit-L{\'e}vy}, A. and {Bertin}, E. and {Buckley-Geer}, E. and {Burke}, D.~L. and {Carnero Rosell}, A. and {Carrasco Kind}, M. and {Carretero}, J. and {Castander}, F.~J. and {Crocce}, M. and {Cunha}, C.~E. and {D'Andrea}, C.~B. and {da Costa}, L.~N. and {Davis}, C. and {Desai}, S. and {Diehl}, H.~T. and {Dietrich}, J.~P. and {Doel}, P. and {Eifler}, T.~F. and {Estrada}, J. and {Evrard}, A.~E. and {Fausti Neto}, A. and {Fernandez}, E. and {Flaugher}, B. and {Fosalba}, P. and {Frieman}, J. and {Garc{\'\i}a-Bellido}, J. and {Gaztanaga}, E. and {Gerdes}, D.~W. and {Giannantonio}, T. and {Gschwend}, J. and {Gutierrez}, G. and {Hartley}, W.~G. and {Honscheid}, K. and {James}, D.~J. and {Jeltema}, T. and {Johnson}, M.~W.~G. and {Johnson}, M.~D. and {Kuehn}, K. and {Kuhlmann}, S. and {Kuropatkin}, N. and {Lahav}, O. and {Li}, T.~S. and {Lima}, M. and {Maia}, M.~A.~G. and {March}, M. and {Martini}, P. and {Melchior}, P. and {Menanteau}, F. and {Miller}, C.~J. and {Miquel}, R. and {Mohr}, J.~J. and {Neilsen}, E. and {Nichol}, R.~C. and {Ogando}, R.~L.~C. and {Roe}, N. and {Romer}, A.~K. and {Roodman}, A. and {Sanchez}, E. and {Scarpine}, V. and {Schindler}, R. and {Schubnell}, M. and {Smith}, M. and {Smith}, R.~C. and {Soares-Santos}, M. and {Sobreira}, F. and {Suchyta}, E. and {Swanson}, M.~E.~C. and {Tarle}, G. and {Thomas}, D. and {Tucker}, D.~L. and {Vikram}, V. and {Walker}, A.~R. and {Wechsler}, R.~H. and {Zhang}, Y. and {DES Collaboration}},
        title = "{Dark Energy Survey Year 1 results: weak lensing shape catalogues}",
      journal = {\mnras},
     keywords = {gravitational lensing: weak, methods: data analysis, techniques: image processing, catalogues, surveys, cosmology: observations, Astrophysics - Cosmology and Nongalactic Astrophysics},
         year = 2018,
        month = nov,
       volume = {481},
       number = {1},
        pages = {1149-1182},
          doi = {10.1093/mnras/sty2219},
archivePrefix = {arXiv},
       eprint = {1708.01533},
 primaryClass = {astro-ph.CO},
       adsurl = {https://ui.adsabs.harvard.edu/abs/2018MNRAS.481.1149Z},
      adsnote = {Provided by the SAO/NASA Astrophysics Data System}
}

% Kannawadi et al. 2020
@ARTICLE{2021MNRAS.502.4048K,
       author = {{Kannawadi}, Arun and {Rosenberg}, Erik and {Hoekstra}, Henk},
        title = "{Mitigating the effects of undersampling in weak lensing shear estimation with metacalibration}",
      journal = {\mnras},
     keywords = {gravitational lensing: weak, methods: observational, cosmology: observations, Astrophysics - Instrumentation and Methods for Astrophysics, Astrophysics - Cosmology and Nongalactic Astrophysics},
         year = 2021,
        month = apr,
       volume = {502},
       number = {3},
        pages = {4048-4063},
          doi = {10.1093/mnras/stab211},
archivePrefix = {arXiv},
       eprint = {2010.04164},
 primaryClass = {astro-ph.IM},
       adsurl = {https://ui.adsabs.harvard.edu/abs/2021MNRAS.502.4048K},
      adsnote = {Provided by the SAO/NASA Astrophysics Data System}
}

% Rowe et al. 2015
@ARTICLE{2015A&C....10..121R,
       author = {{Rowe}, B.~T.~P. and {Jarvis}, M. and {Mandelbaum}, R. and {Bernstein}, G.~M. and {Bosch}, J. and {Simet}, M. and {Meyers}, J.~E. and {Kacprzak}, T. and {Nakajima}, R. and {Zuntz}, J. and {Miyatake}, H. and {Dietrich}, J.~P. and {Armstrong}, R. and {Melchior}, P. and {Gill}, M.~S.~S.},
        title = "{GALSIM: The modular galaxy image simulation toolkit}",
      journal = {Astronomy and Computing},
     keywords = {Methods: data analysis, Techniques: image processing, Gravitational lensing, Cosmology: observations, Astrophysics - Instrumentation and Methods for Astrophysics, Astrophysics - Cosmology and Nongalactic Astrophysics, 85-04},
         year = 2015,
        month = apr,
       volume = {10},
        pages = {121-150},
          doi = {10.1016/j.ascom.2015.02.002},
archivePrefix = {arXiv},
       eprint = {1407.7676},
 primaryClass = {astro-ph.IM},
       adsurl = {https://ui.adsabs.harvard.edu/abs/2015A&C....10..121R},
      adsnote = {Provided by the SAO/NASA Astrophysics Data System}
}

% Pujol et al. 2019
@ARTICLE{2019A&A...621A...2P,
       author = {{Pujol}, Arnau and {Kilbinger}, Martin and {Sureau}, Florent and {Bobin}, Jerome},
        title = "{A highly precise shear bias estimator independent of the measured shape noise}",
      journal = {\aap},
     keywords = {gravitational lensing: weak, methods: data analysis, methods: observational, methods: statistical, cosmology: observations, dark matter, Astrophysics - Cosmology and Nongalactic Astrophysics},
         year = 2019,
        month = jan,
       volume = {621},
          eid = {A2},
        pages = {A2},
          doi = {10.1051/0004-6361/201833740},
archivePrefix = {arXiv},
       eprint = {1806.10537},
 primaryClass = {astro-ph.CO},
       adsurl = {https://ui.adsabs.harvard.edu/abs/2019A&A...621A...2P},
      adsnote = {Provided by the SAO/NASA Astrophysics Data System}
}

% Sheldon et al. 2014
@ARTICLE{2014MNRAS.444L..25S,
       author = {{Sheldon}, E.~S.},
        title = "{An implementation of Bayesian lensing shear measurement.}",
      journal = {\mnras},
     keywords = {gravitational lensing: weak, cosmology: observations, dark energy, Astrophysics - Cosmology and Nongalactic Astrophysics},
         year = 2014,
        month = oct,
       volume = {444},
        pages = {L25-L29},
          doi = {10.1093/mnrasl/slu104},
archivePrefix = {arXiv},
       eprint = {1403.7669},
 primaryClass = {astro-ph.CO},
       adsurl = {https://ui.adsabs.harvard.edu/abs/2014MNRAS.444L..25S},
      adsnote = {Provided by the SAO/NASA Astrophysics Data System}
}

% Bridle et al. 2010
@ARTICLE{2010MNRAS.405.2044B,
       author = {{Bridle}, Sarah and {Balan}, Sreekumar T. and {Bethge}, Matthias and {Gentile}, Marc and {Harmeling}, Stefan and {Heymans}, Catherine and {Hirsch}, Michael and {Hosseini}, Reshad and {Jarvis}, Mike and {Kirk}, Donnacha and {Kitching}, Thomas and {Kuijken}, Konrad and {Lewis}, Antony and {Paulin-Henriksson}, Stephane and {Sch{\"o}lkopf}, Bernhard and {Velander}, Malin and {Voigt}, Lisa and {Witherick}, Dugan and {Amara}, Adam and {Bernstein}, Gary and {Courbin}, Fr{\'e}d{\'e}ric and {Gill}, Mandeep and {Heavens}, Alan and {Mandelbaum}, Rachel and {Massey}, Richard and {Moghaddam}, Baback and {Rassat}, Anais and {R{\'e}fr{\'e}gier}, Alexandre and {Rhodes}, Jason and {Schrabback}, Tim and {Shawe-Taylor}, John and {Shmakova}, Marina and {van Waerbeke}, Ludovic and {Wittman}, David},
        title = "{Results of the GREAT08 Challenge: an image analysis competition for cosmological lensing}",
      journal = {\mnras},
     keywords = {gravitational lensing: weak, methods: data analysis, methods: statistical, techniques: image processing, cosmology: observations, large-scale structure of Universe, Astrophysics - Cosmology and Nongalactic Astrophysics},
         year = 2010,
        month = jul,
       volume = {405},
       number = {3},
        pages = {2044-2061},
          doi = {10.1111/j.1365-2966.2010.16598.x},
archivePrefix = {arXiv},
       eprint = {0908.0945},
 primaryClass = {astro-ph.CO},
       adsurl = {https://ui.adsabs.harvard.edu/abs/2010MNRAS.405.2044B},
      adsnote = {Provided by the SAO/NASA Astrophysics Data System}
}

% Kitching et al. 2013
@ARTICLE{2013ApJS..205...12K,
       author = {{Kitching}, T.~D. and {Rowe}, B. and {Gill}, M. and {Heymans}, C. and {Massey}, R. and {Witherick}, D. and {Courbin}, F. and {Georgatzis}, K. and {Gentile}, M. and {Gruen}, D. and {Kilbinger}, M. and {Li}, G.~L. and {Mariglis}, A.~P. and {Meylan}, G. and {Storkey}, A. and {Xin}, B.},
        title = "{Image Analysis for Cosmology: Results from the GREAT10 Star Challenge}",
      journal = {\apjs},
     keywords = {atmospheric effects, cosmology: observations, methods: data analysis, techniques: image processing, Astrophysics - Instrumentation and Methods for Astrophysics},
         year = 2013,
        month = apr,
       volume = {205},
       number = {2},
          eid = {12},
        pages = {12},
          doi = {10.1088/0067-0049/205/2/12},
archivePrefix = {arXiv},
       eprint = {1210.1979},
 primaryClass = {astro-ph.IM},
       adsurl = {https://ui.adsabs.harvard.edu/abs/2013ApJS..205...12K},
      adsnote = {Provided by the SAO/NASA Astrophysics Data System}
}

% Mandelbaum et al. 2015
@ARTICLE{2015MNRAS.450.2963M,
       author = {{Mandelbaum}, Rachel and {Rowe}, Barnaby and {Armstrong}, Robert and {Bard}, Deborah and {Bertin}, Emmanuel and {Bosch}, James and {Boutigny}, Dominique and {Courbin}, Frederic and {Dawson}, William A. and {Donnarumma}, Annamaria and {Fenech Conti}, Ian and {Gavazzi}, Rapha{\"e}l and {Gentile}, Marc and {Gill}, Mandeep S.~S. and {Hogg}, David W. and {Huff}, Eric M. and {Jee}, M. James and {Kacprzak}, Tomasz and {Kilbinger}, Martin and {Kuntzer}, Thibault and {Lang}, Dustin and {Luo}, Wentao and {March}, Marisa C. and {Marshall}, Philip J. and {Meyers}, Joshua E. and {Miller}, Lance and {Miyatake}, Hironao and {Nakajima}, Reiko and {Ngol{\'e} Mboula}, Fred Maurice and {Nurbaeva}, Guldariya and {Okura}, Yuki and {Paulin-Henriksson}, St{\'e}phane and {Rhodes}, Jason and {Schneider}, Michael D. and {Shan}, Huanyuan and {Sheldon}, Erin S. and {Simet}, Melanie and {Starck}, Jean-Luc and {Sureau}, Florent and {Tewes}, Malte and {Zarb Adami}, Kristian and {Zhang}, Jun and {Zuntz}, Joe},
        title = "{GREAT3 results - I. Systematic errors in shear estimation and the impact of real galaxy morphology}",
      journal = {\mnras},
     keywords = {gravitational lensing: weak, methods: data analysis, techniques: image processing, cosmology: observations, Astrophysics - Cosmology and Nongalactic Astrophysics},
         year = 2015,
        month = jul,
       volume = {450},
       number = {3},
        pages = {2963-3007},
          doi = {10.1093/mnras/stv781},
archivePrefix = {arXiv},
       eprint = {1412.1825},
 primaryClass = {astro-ph.CO},
       adsurl = {https://ui.adsabs.harvard.edu/abs/2015MNRAS.450.2963M},
      adsnote = {Provided by the SAO/NASA Astrophysics Data System}
}

% Sheldon et al. 2019
@ARTICLE{2020ApJ...902..138S,
       author = {{Sheldon}, Erin S. and {Becker}, Matthew R. and {MacCrann}, Niall and {Jarvis}, Michael},
        title = "{Mitigating Shear-dependent Object Detection Biases with Metacalibration}",
      journal = {\apj},
     keywords = {Weak gravitational lensing, 1797, Astrophysics - Cosmology and Nongalactic Astrophysics},
         year = 2020,
        month = oct,
       volume = {902},
       number = {2},
          eid = {138},
        pages = {138},
          doi = {10.3847/1538-4357/abb595},
archivePrefix = {arXiv},
       eprint = {1911.02505},
 primaryClass = {astro-ph.CO},
       adsurl = {https://ui.adsabs.harvard.edu/abs/2020ApJ...902..138S},
      adsnote = {Provided by the SAO/NASA Astrophysics Data System}
}

% DeRose et al. 2019
@ARTICLE{2019arXiv190102401D,
       author = {{DeRose}, Joseph and {Wechsler}, Risa H. and {Becker}, Matthew R. and {Busha}, Michael T. and {Rykoff}, Eli S. and {MacCrann}, Niall and {Erickson}, Brandon and {Evrard}, August E. and {Kravtsov}, Andrey and {Gruen}, Daniel and {Allam}, Sahar and {Avila}, Santiago and {Bridle}, Sarah and {Brooks}, David and {Buckley-Geer}, Elizabeth and {Carnero Rosell}, Aurelio and {Carrasco Kind}, Matias and {Carretero}, Jorge and {Castander}, Francisco J. and {Cawthon}, Ross and {Crocce}, Martin and {da Costa}, Luiz N. and {Davis}, Christopher and {De Vicente}, Juan and {Dietrich}, J{\"o}rg P. and {Doel}, Peter and {Drlica-Wagner}, Alex and {Fosalba}, Pablo and {Frieman}, Josh and {Garcia-Bellido}, Juan and {Gutierrez}, Gaston and {Hartley}, Will G. and {Hollowood}, Devon L. and {Hoyle}, Ben and {James}, David J. and {Krause}, Elisabeth and {Kuehn}, Kyler and {Kuropatkin}, Nikolay and {Lima}, Marcos and {Maia}, Marcio A.~G. and {Menanteau}, Felipe and {Miller}, Christopher J. and {Miquel}, Ramon and {Ogando}, Ricardo L.~C. and {Plazas Malag{\'o}n}, Andr{\'e}s and {Romer}, A. Kathy and {Sanchez}, Eusebio and {Schindler}, Rafe and {Serrano}, Santiago and {Sevilla-Noarbe}, Ignacio and {Smith}, Mathew and {Suchyta}, Eric and {Swanson}, Molly E.~C. and {Tarle}, Gregory and {Vikram}, Vinu},
        title = "{The Buzzard Flock: Dark Energy Survey Synthetic Sky Catalogs}",
      journal = {arXiv e-prints},
     keywords = {Astrophysics - Cosmology and Nongalactic Astrophysics},
         year = 2019,
        month = jan,
          eid = {arXiv:1901.02401},
        pages = {arXiv:1901.02401},
archivePrefix = {arXiv},
       eprint = {1901.02401},
 primaryClass = {astro-ph.CO},
       adsurl = {https://ui.adsabs.harvard.edu/abs/2019arXiv190102401D},
      adsnote = {Provided by the SAO/NASA Astrophysics Data System}
}

% Hemmati et al. 2019
@ARTICLE{2019ApJ...877..117H,
       author = {{Hemmati}, Shoubaneh and {Capak}, Peter and {Masters}, Daniel and {Davidzon}, Iary and {Dor{\`e}}, Olivier and {Kruk}, Jeffrey and {Mobasher}, Bahram and {Rhodes}, Jason and {Scolnic}, Daniel and {Stern}, Daniel},
        title = "{Photometric Redshift Calibration Requirements for WFIRST Weak-lensing Cosmology: Predictions from CANDELS}",
      journal = {\apj},
     keywords = {dark energy, galaxies: distances and redshifts, Astrophysics - Astrophysics of Galaxies},
         year = 2019,
        month = jun,
       volume = {877},
       number = {2},
          eid = {117},
        pages = {117},
          doi = {10.3847/1538-4357/ab1be5},
archivePrefix = {arXiv},
       eprint = {1808.10458},
 primaryClass = {astro-ph.GA},
       adsurl = {https://ui.adsabs.harvard.edu/abs/2019ApJ...877..117H},
      adsnote = {Provided by the SAO/NASA Astrophysics Data System}
}

% Sharma et al. 2011
@ARTICLE{2011ApJ...730....3S,
       author = {{Sharma}, Sanjib and {Bland-Hawthorn}, Joss and {Johnston}, Kathryn V. and {Binney}, James},
        title = "{Galaxia: A Code to Generate a Synthetic Survey of the Milky Way}",
      journal = {\apj},
     keywords = {Galaxy: stellar content, Galaxy: structure, methods: data analysis, methods: numerical, Astrophysics - Astrophysics of Galaxies},
         year = 2011,
        month = mar,
       volume = {730},
       number = {1},
          eid = {3},
        pages = {3},
          doi = {10.1088/0004-637X/730/1/3},
archivePrefix = {arXiv},
       eprint = {1101.3561},
 primaryClass = {astro-ph.GA},
       adsurl = {https://ui.adsabs.harvard.edu/abs/2011ApJ...730....3S},
      adsnote = {Provided by the SAO/NASA Astrophysics Data System}
}

% KiDS weak lensing catalogue
@ARTICLE{2021A&A...645A.105G,
       author = {{Giblin}, Benjamin and {Heymans}, Catherine and {Asgari}, Marika and {Hildebrandt}, Hendrik and {Hoekstra}, Henk and {Joachimi}, Benjamin and {Kannawadi}, Arun and {Kuijken}, Konrad and {Lin}, Chieh-An and {Miller}, Lance and {Tr{\"o}ster}, Tilman and {van den Busch}, Jan Luca and {Wright}, Angus H. and {Bilicki}, Maciej and {Blake}, Chris and {de Jong}, Jelte and {Dvornik}, Andrej and {Erben}, Thomas and {Getman}, Fedor and {Napolitano}, Nicola R. and {Schneider}, Peter and {Shan}, HuanYuan and {Valentijn}, Edwin},
        title = "{KiDS-1000 catalogue: Weak gravitational lensing shear measurements}",
      journal = {\aap},
     keywords = {gravitational lensing: weak, large-scale structure of Universe, cosmological parameters, Astrophysics - Cosmology and Nongalactic Astrophysics},
         year = 2021,
        month = jan,
       volume = {645},
          eid = {A105},
        pages = {A105},
          doi = {10.1051/0004-6361/202038850},
archivePrefix = {arXiv},
       eprint = {2007.01845},
 primaryClass = {astro-ph.CO},
       adsurl = {https://ui.adsabs.harvard.edu/abs/2021A&A...645A.105G},
      adsnote = {Provided by the SAO/NASA Astrophysics Data System}
}

% Lin et al. 2021
@ARTICLE{2021arXiv210610273L,
       author = {{Lin}, Chien-Hao and {Mandelbaum}, Rachel and {Troxel}, M.~A. and {Hirata}, Christopher M. and {Jarvis}, Mike},
        title = "{Impact of Image Persistence in the Roman Space Telescope High-Latitude Survey}",
      journal = {arXiv e-prints},
     keywords = {Astrophysics - Cosmology and Nongalactic Astrophysics, Astrophysics - Instrumentation and Methods for Astrophysics},
         year = 2021,
        month = jun,
          eid = {arXiv:2106.10273},
        pages = {arXiv:2106.10273},
archivePrefix = {arXiv},
       eprint = {2106.10273},
 primaryClass = {astro-ph.CO},
       adsurl = {https://ui.adsabs.harvard.edu/abs/2021arXiv210610273L},
      adsnote = {Provided by the SAO/NASA Astrophysics Data System}
}

% Shapiro et al. 2013
@ARTICLE{2013PASP..125.1496S,
       author = {{Shapiro}, C. and {Rowe}, B.~T.~P. and {Goodsall}, T. and {Hirata}, C. and {Fucik}, J. and {Rhodes}, J. and {Seshadri}, S. and {Smith}, R.},
        title = "{Weak Gravitational Lensing Systematics from Image Combination}",
      journal = {\pasp},
     keywords = {Astrophysics - Instrumentation and Methods for Astrophysics, Astrophysics - Cosmology and Nongalactic Astrophysics},
         year = 2013,
        month = dec,
       volume = {125},
       number = {934},
        pages = {1496},
          doi = {10.1086/674415},
archivePrefix = {arXiv},
       eprint = {1310.3339},
 primaryClass = {astro-ph.IM},
       adsurl = {https://ui.adsabs.harvard.edu/abs/2013PASP..125.1496S},
      adsnote = {Provided by the SAO/NASA Astrophysics Data System}
}

% Jarvis et al. 2016
@ARTICLE{2016MNRAS.460.2245J,
       author = {{Jarvis}, M. and {Sheldon}, E. and {Zuntz}, J. and {Kacprzak}, T. and {Bridle}, S.~L. and {Amara}, A. and {Armstrong}, R. and {Becker}, M.~R. and {Bernstein}, G.~M. and {Bonnett}, C. and {Chang}, C. and {Das}, R. and {Dietrich}, J.~P. and {Drlica-Wagner}, A. and {Eifler}, T.~F. and {Gangkofner}, C. and {Gruen}, D. and {Hirsch}, M. and {Huff}, E.~M. and {Jain}, B. and {Kent}, S. and {Kirk}, D. and {MacCrann}, N. and {Melchior}, P. and {Plazas}, A.~A. and {Refregier}, A. and {Rowe}, B. and {Rykoff}, E.~S. and {Samuroff}, S. and {S{\'a}nchez}, C. and {Suchyta}, E. and {Troxel}, M.~A. and {Vikram}, V. and {Abbott}, T. and {Abdalla}, F.~B. and {Allam}, S. and {Annis}, J. and {Benoit-L{\'e}vy}, A. and {Bertin}, E. and {Brooks}, D. and {Buckley-Geer}, E. and {Burke}, D.~L. and {Capozzi}, D. and {Carnero Rosell}, A. and {Carrasco Kind}, M. and {Carretero}, J. and {Castander}, F.~J. and {Clampitt}, J. and {Crocce}, M. and {Cunha}, C.~E. and {D'Andrea}, C.~B. and {da Costa}, L.~N. and {DePoy}, D.~L. and {Desai}, S. and {Diehl}, H.~T. and {Doel}, P. and {Fausti Neto}, A. and {Flaugher}, B. and {Fosalba}, P. and {Frieman}, J. and {Gaztanaga}, E. and {Gerdes}, D.~W. and {Gruendl}, R.~A. and {Gutierrez}, G. and {Honscheid}, K. and {James}, D.~J. and {Kuehn}, K. and {Kuropatkin}, N. and {Lahav}, O. and {Li}, T.~S. and {Lima}, M. and {March}, M. and {Martini}, P. and {Miquel}, R. and {Mohr}, J.~J. and {Neilsen}, E. and {Nord}, B. and {Ogando}, R. and {Reil}, K. and {Romer}, A.~K. and {Roodman}, A. and {Sako}, M. and {Sanchez}, E. and {Scarpine}, V. and {Schubnell}, M. and {Sevilla-Noarbe}, I. and {Smith}, R.~C. and {Soares-Santos}, M. and {Sobreira}, F. and {Swanson}, M.~E.~C. and {Tarle}, G. and {Thaler}, J. and {Thomas}, D. and {Walker}, A.~R. and {Wechsler}, R.~H.},
        title = "{The DES Science Verification weak lensing shear catalogues}",
      journal = {\mnras},
     keywords = {gravitational lensing: weak, methods: data analysis, techniques: image processing, catalogues, surveys, cosmology: observations, Astrophysics - Instrumentation and Methods for Astrophysics, Astrophysics - Cosmology and Nongalactic Astrophysics},
         year = 2016,
        month = aug,
       volume = {460},
       number = {2},
        pages = {2245-2281},
          doi = {10.1093/mnras/stw990},
archivePrefix = {arXiv},
       eprint = {1507.05603},
 primaryClass = {astro-ph.IM},
       adsurl = {https://ui.adsabs.harvard.edu/abs/2016MNRAS.460.2245J},
      adsnote = {Provided by the SAO/NASA Astrophysics Data System}
}


% Paulin-Henrikson et al. 
@ARTICLE{2008A&A...484...67P,
       author = {{Paulin-Henriksson}, S. and {Amara}, A. and {Voigt}, L. and {Refregier}, A. and {Bridle}, S.~L.},
        title = "{Point spread function calibration requirements for dark energy from cosmic shear}",
      journal = {\aap},
     keywords = {gravitational lensing, cosmology: dark matter, cosmology: cosmological parameters, Astrophysics},
         year = 2008,
        month = jun,
       volume = {484},
       number = {1},
        pages = {67-77},
          doi = {10.1051/0004-6361:20079150},
archivePrefix = {arXiv},
       eprint = {0711.4886},
 primaryClass = {astro-ph},
       adsurl = {https://ui.adsabs.harvard.edu/abs/2008A&A...484...67P},
      adsnote = {Provided by the SAO/NASA Astrophysics Data System}
}


% Rowe et al. 2010
@ARTICLE{2010MNRAS.404..350R,
       author = {{Rowe}, Barnaby},
        title = "{Improving PSF modelling for weak gravitational lensing using new methods in model selection}",
      journal = {\mnras},
     keywords = {gravitational lensing, methods: data analysis, methods: statistical, cosmology: observations, large-scale structure of Universe, Astrophysics - Cosmology and Extragalactic Astrophysics},
         year = 2010,
        month = may,
       volume = {404},
       number = {1},
        pages = {350-366},
          doi = {10.1111/j.1365-2966.2010.16277.x},
archivePrefix = {arXiv},
       eprint = {0904.3056},
 primaryClass = {astro-ph.CO},
       adsurl = {https://ui.adsabs.harvard.edu/abs/2010MNRAS.404..350R},
      adsnote = {Provided by the SAO/NASA Astrophysics Data System}
}

% Hirata and Seljak (2003)
@ARTICLE{2003MNRAS.343..459H,
       author = {{Hirata}, Christopher and {Seljak}, Uro{\v{s}}},
        title = "{Shear calibration biases in weak-lensing surveys}",
      journal = {\mnras},
     keywords = {gravitational lensing, methods: data analysis, Astrophysics},
         year = 2003,
        month = aug,
       volume = {343},
       number = {2},
        pages = {459-480},
          doi = {10.1046/j.1365-8711.2003.06683.x},
archivePrefix = {arXiv},
       eprint = {astro-ph/0301054},
 primaryClass = {astro-ph},
       adsurl = {https://ui.adsabs.harvard.edu/abs/2003MNRAS.343..459H},
      adsnote = {Provided by the SAO/NASA Astrophysics Data System}
}

% KiDS
@ARTICLE{2013ExA....35...25D,
       author = {{de Jong}, Jelte T.~A. and {Verdoes Kleijn}, Gijs A. and {Kuijken}, Konrad H. and {Valentijn}, Edwin A.},
        title = "{The Kilo-Degree Survey}",
      journal = {Experimental Astronomy},
     keywords = {Wide-field imaging, Survey system, VLT/VST, Weak gravitational lensing, Photometric redshifts, Astrophysics - Cosmology and Nongalactic Astrophysics, Astrophysics - Instrumentation and Methods for Astrophysics},
         year = 2013,
        month = jan,
       volume = {35},
       number = {1-2},
        pages = {25-44},
          doi = {10.1007/s10686-012-9306-1},
archivePrefix = {arXiv},
       eprint = {1206.1254},
 primaryClass = {astro-ph.CO},
       adsurl = {https://ui.adsabs.harvard.edu/abs/2013ExA....35...25D},
      adsnote = {Provided by the SAO/NASA Astrophysics Data System}
}

%healpix
@ARTICLE{2005ApJ...622..759G,
       author = {{G{\'o}rski}, K.~M. and {Hivon}, E. and {Banday}, A.~J. and {Wandelt}, B.~D. and {Hansen}, F.~K. and {Reinecke}, M. and {Bartelmann}, M.},
        title = "{HEALPix: A Framework for High-Resolution Discretization and Fast Analysis of Data Distributed on the Sphere}",
      journal = {\apj},
     keywords = {Cosmology: Cosmic Microwave Background, Cosmology: Observations, Methods: Statistical, Astrophysics},
         year = 2005,
        month = apr,
       volume = {622},
       number = {2},
        pages = {759-771},
          doi = {10.1086/427976},
archivePrefix = {arXiv},
       eprint = {astro-ph/0409513},
 primaryClass = {astro-ph},
       adsurl = {https://ui.adsabs.harvard.edu/abs/2005ApJ...622..759G},
      adsnote = {Provided by the SAO/NASA Astrophysics Data System}
}

@article{Zonca2019,
  doi = {10.21105/joss.01298},
  url = {https://doi.org/10.21105/joss.01298},
  year = {2019},
  publisher = {The Open Journal},
  volume = {4},
  number = {35},
  pages = {1298},
  author = {Andrea Zonca and Leo P. Singer and Daniel Lenz and Martin Reinecke and Cyrille Rosset and Eric Hivon and Krzysztof M. Gorski},
  title = {healpy: equal area pixelization and spherical harmonics transforms for data on the sphere in Python},
  journal = {Journal of Open Source Software}
}

%multidrizzle
@INPROCEEDINGS{2003hstc.conf..325B,
       author = {{Brammer}, G. and {Koekemoer}, A.~M. and {Kiziltan}, B.},
        title = "{Using MultiDrizzle to combine Dithered WFPC2 Images}",
    booktitle = {HST Calibration Workshop : Hubble after the Installation of the ACS and the NICMOS Cooling System},
         year = 2003,
        month = jan,
        pages = {325},
       adsurl = {https://ui.adsabs.harvard.edu/abs/2003hstc.conf..325B},
      adsnote = {Provided by the SAO/NASA Astrophysics Data System}
}

